<record xmlns:xsi="http://www.w3.org/2001/XMLSchema-instance" xmlns="http://www.loc.gov/MARC21/slim" xsi:schemaLocation="http://www.loc.gov/MARC21/slim http://www.loc.gov/standards/marcxml/schema/MARC21slim.xsd">

  <leader>00628nam a2200193Ia 4500</leader>
  <datafield ind1=" " tag="999" ind2=" ">
    <subfield code="c">1386</subfield>
    <subfield code="d">1386</subfield>
  </datafield>
  <controlfield tag="008">170621b2005    sp ||||| |||| 00| | spa d</controlfield>
  <datafield ind2=" " tag="090" ind1=" ">
    <subfield code="a">06.01.01 </subfield>
    <subfield code="b">1356</subfield>
  </datafield>
  <datafield tag="100" ind2=" " ind1="1">
    <subfield code="a">Bautista Vallejo, José Manuel</subfield>
    <subfield code="9">1143</subfield>
  </datafield>
  <datafield tag="245" ind2="3" ind1="1">
    <subfield code="a">La Educación en valores y los temas transversales en el Curriculum / </subfield>
    <subfield code="c">José Manuel Bautista Vallejo</subfield>
  </datafield>
  <datafield ind2=" " tag="260" ind1=" ">
    <subfield code="a">España: </subfield>
    <subfield code="b">PRODIDAC, </subfield>
    <subfield code="c">2005</subfield>
  </datafield>
  <datafield tag="300" ind2=" " ind1=" ">
    <subfield code="a">152 páginas</subfield>
  </datafield>
  <datafield ind1="1" ind2="0" tag="650">
    <subfield code="a">EDUCACIÓN EN VALORES</subfield>
    <subfield code="9">719</subfield>
  </datafield>
  <datafield tag="650" ind2="4" ind1="1">
    <subfield code="a">CURRÍCULO (EDUCACIÓN)</subfield>
    <subfield code="9">342</subfield>
  </datafield>
  <datafield ind1="1" ind2="4" tag="650">
    <subfield code="a">EDUCACIÓN PREESCOLAR</subfield>
    <subfield code="9">455</subfield>
  </datafield>
  <datafield ind1="1" ind2="4" tag="650">
    <subfield code="a">ESCUELAS </subfield>
    <subfield code="9">300</subfield>
  </datafield>
  <datafield tag="650" ind2="4" ind1="1">
    <subfield code="a">ÉTICA</subfield>
    <subfield code="9">563</subfield>
  </datafield>
  <datafield ind1="1" tag="650" ind2="4">
    <subfield code="a">APRENDIZAJE </subfield>
    <subfield code="9">387</subfield>
  </datafield>
  <datafield ind2=" " tag="942" ind1=" ">
    <subfield code="2">z</subfield>
    <subfield code="c">01</subfield>
  </datafield>
</record>